% Encoding: UTF-8

@MANUAL{andrAboutAndroid50APIs,
  url = {http://developer.android.com/about/versions/android-5.0.html},
  title = {Android 5.0 APIs | Android Developers},
  year = {2015},
  author = {android.com}
}

@MANUAL{andrAboutAndroid50BehavoirChange,
  url = {http://developer.android.com/about/versions/android-5.0.html},
  title = {Android 5.0 Behavior Changes | Android Developers},
  year = {2015},
  author = {android.com}
}

@MANUAL{andrAPIGUserInterfaceDialogs,
  url = {http://developer.android.com/guide/topics/ui/dialogs.html},
  title = {{Android Developer API Guides} -- User Interface - Dialogs},
  year = {2016},
  author = {android.com}
}

@Manual{andrAPIGUserInterfaceNotifications,
  title =  {{Android Developer API Guides} -- User Interface - Notifications},
  author = {android.com},
  year =   {2016},
  note =   {http://developer.android.com/design/patterns/notifications.html},
  url =    {http://developer.android.com/guide/topics/ui/notifiers/notifications.html}
}

@MANUAL{andrAPIGUserInterfaceToasts,
  url = {http://developer.android.com/guide/topics/ui/toasts.html},
  title = {{Android Developer API Guides} -- User Interface - Toasts},
  year = {2016},
  author = {android.com}
}

@MANUAL{andrDesignPatternsNotifications,
  url = {http://developer.android.com/design/patterns/notifications.html},
  title = {{Design | Android Developers} -- Patterns - Notifications},
  year = {2016},
  author = {android.com}
}

@MISC{androidpoliceNotificationTickerIsGone,
	url = {http://www.androidpolice.com/2014/11/14/lollipop-feature-spotlight-the-status-bar-notification-ticker-is-gone-and-thats-kind-of-dumb/},
	title = {The Status Bar Notification Ticker Is Gone, And That's Kind Of Dumb},
	author = {Whitwam, Ryan},
	year = {2014}
}

@techreport{chromiumBestPractisesPushNotificationsPermissions,
  url = {https://docs.google.com/document/d/1WNPIS_2F0eyDm5SS2E6LZ_75tk6XtBSnR1xNjWJ_DPE},
  title = {Best Practices for Push Notifications Permissions UX},
  year = {2015},
  author = {owencm@chromium.org},
  institution = {chromium.org}
}

@InProceedings{ChurchRodrigodeOliveira2013,
  author =    {Karen Church and Rodrigo de Oliveira},
  title =     {What's up with whatsapp?: comparing mobile instant messaging behaviors with traditional SMS},
  booktitle = {MobileHCI '13 Proceedings of the 15th international conference on Human-computer interaction with mobile devices and services},
  year =      {2013},
  pages =     {353-361},
  publisher = {ACM}
}

@inproceedings{fischer2010effects,
  title={Effects of content and time of delivery on receptivity to mobile interruptions},
  author={Fischer, Joel E and Yee, Nick and Bellotti, Victoria and Good, Nathan and Benford, Steve and Greenhalgh, Chris},
  booktitle={Proceedings of the 12th international conference on Human computer interaction with mobile devices and services},
  pages={103--112},
  year={2010},
  organization={ACM}
}

@MANUAL{googleGDGLComponentsDialogs,
  url = {https://www.google.com/design/spec/components/dialogs.html},
  title = {{Google Design Guidelines} -- Components - Dialogs},
  year = {2016},
  author = {google.com}
}

@MANUAL{googleGDGLComponentsSnackbarToast,
  url = {https://www.google.com/design/spec/components/snackbars-toasts.html},
  title = {{Google Design Guidelines} -- Components - Snackbar \& Toasts},
  year = {2016},
  author = {google.com}
}

@MANUAL{googleGDGLPatternsNotifications,
  url = {https://www.google.com/design/spec/patterns/notifications.html},
  title = {{Google Design Guidelines} -- Patterns - Notifications},
  year = {2016},
  author = {google.com}
}

@Manual{googleSilenceYourDevice,
  title =  {Silence your device with "Do not disturb"},
  author = {google.com},
  year =   {2016},
  note =   {https://support.google.com/nexus/answer/6111295/},
  url =    {https://support.google.com/nexus/answer/6111295?hl=en}
}

@Manual{googleWearNF,
  title =  {{Google Support} Android Wear Notifications},
  author = {google.com},
  year =   {2016},
  note =   {https://support.google.com/androidwear/answer/6056843?hl=en},
  url =    {https://support.google.com/androidwear/answer/6056843}
}

@MISC{howtogeekConfigureDoNotDisturb,
  url = {http://www.howtogeek.com/213089/how-to-configure-do-not-disturb-on-your-iphone-and-ipad/},
  title = {How to Configure Do Not Disturb On Your iPhone and iPad},
  author = {Jason Fitzpatrick},
  year = {2015}
}

@MANUAL{iosAboutNotificationsOnIPhone,
  url = {https://support.apple.com/en-us/HT201925},
  title = {{Apple Support} -- About Notifications on iPhone, iPad, and iPod touch},
  year = {2016},
  author = {apple.com}
}

@MANUAL{iosHIGTechnologiesNotifications,
  url = {https://developer.apple.com/library/ios/documentation/UserExperience/Conceptual/MobileHIG/NotificationCenter.html},
  title = {{iOS Human Interface Guidelines} -- iOS Technologies - Notifications},
  year = {2015},
  author = {apple.com}
}

@MANUAL{iosHIGUIElementsTempViews,
  url = {https://developer.apple.com/library/ios/documentation/UserExperience/Conceptual/MobileHIG/Alerts.html},
  title = {{iOS Human Interface Guidelines} -- UI Elements - Temporary Views},
  year = {2015},
  author = {apple.com}
}

@MANUAL{iosUICViewsAlert,
  url = {https://developer.apple.com/library/ios/documentation/UserExperience/Conceptual/UIKitUICatalog/UIAlertView.html},
  title = {{iOS UIKit User Interface Catalog} -- Views - Alert Views},
  year = {2015},
  author = {apple.com}
}

@MANUAL{iosUseDoNotDisturb,
  url = {https://support.apple.com/en-us/HT204321},
  title = {Use Do Not Disturb on your iPhone, iPad, or iPod touch},
  year = {2015},
  author = {apple.com}
}

@MANUAL{iphoneUserGuide84,
  author = {{Apple Inc}},
  title = {iPhone User Guide For iOS 8.4 Software},
  year = {2015}
}

@InProceedings{IqbalHorvitz2010,
  author =    {Shamsi T. Iqbal and Eric Horvitz},
  title =     {Notifications and awareness: a field study of alert usage and preferences},
  booktitle = {CSCW '10 Proceedings of the 2010 ACM conference on Computer supported cooperative work},
  year =      {2010},
  pages =     {27-30},
  publisher = {ACM}
}

@InProceedings{Kaye2004,
  author =    {Joseph Kaye},
  title =     {Making Scents: aromatic output for HCI},
  booktitle = {Magazine interactions - Making scents: aromatic output for HCI},
  year =      {2004},
  volume =    {11},
  number =    {1},
  pages =     {48-61}
}

@inproceedings{leetiernan2001effective,
  title={Effective notification systems depend on user trust},
  author={LeeTiernan, Scott and Cutrell, Edward and Czerwinski, Mary and Hoffman, Hunter},
  booktitle={Proceedings of Human-Computer Interaction--Interact},
  pages={54--69},
  year={2001}
}

@MISC{lifehackerApexLauncher,
	url = {http://lifehacker.com/apex-launcher-updates-with-a-new-ui-badges-and-dashcl-497117425},
	title = {Apex Launcher Gets a New Interface, Badges, and DashClock Support},
	author = {Henry, Alan},
	year = {2013}
}

@InProceedings{Maynes2005,
  author =    {Dan Maynes-Aminzade},
  title =     {Edible Bits: Seamless Interfaces between People, Data and Food},
  booktitle = {Proceedings of the 2005 ACM Conference on Human Factors in Computing Systems (CHI'2005},
  year =      {2005}
}

@article{mccrickard2003establishing,
  title={Establishing tradeoffs that leverage attention for utility: empirically evaluating information display in notification systems},
  author={McCrickard, D Scott and Catrambone, Richard and Chewar, Christa M and Stasko, John T},
  journal={International Journal of Human-Computer Studies},
  volume={58},
  number={5},
  pages={547--582},
  year={2003},
  publisher={Elsevier}
}

@article{mccrickard2003introduction,
  title={Introduction: design and evaluation of notification user interfaces},
  author={McCrickard, D Scott and Czerwinski, Mary and Bartram, Lyn},
  journal={International Journal of Human-Computer Studies},
  volume={58},
  number={5},
  pages={509--514},
  year={2003},
  publisher={Elsevier}
}

@MANUAL{novalauncherTeslaunreadapi,
  url = {http://novalauncher.com/teslaunread-api/},
  title = {TeslaUnread API},
  year = {2016},
  author = {novalauncher.com}
}

@InProceedings{ObristTuchHornbaek2014,
  author =    {Marianna Obrist and Alexandre N. Tuch and Kasper Hornbaek},
  title =     {Opportunities for Odor: Experiences with Smell and Implications for Technology},
  booktitle = {CHI '14 Proceedings of the SIGCHI Conference on Human Factors in Computing Systems},
  year =      {2014},
  pages =     {2843-2852}
}

@InProceedings{PfeifferDenteSchneegassEtAl2015,
  author =    {Max Pfeiffer and Tim D\"unte and Stefan Schneegass and Florian Alt and Michael Rohs},
  title =     {Cruise Control for Pedestrians: Controlling Walking Direction using Electrical Muscle Stimulation},
  booktitle = {CHI '15 Proceedings of the 33rd Annual ACM Conference on Human Factors in Computing Systems},
  year =      {2015},
  pages =     {2505-2514},
}

@InProceedings{PfeifferSchneegassAltEtAl2014,
  author =    {Max Pfeiffer and Stefan Schneegass and Florian Alt and Michael Rohs},
  title =     {Let me grab this: a comparison of EMS and vibration for haptic feedback in free-hand interaction},
  booktitle = {AH '14 Proceedings of the 5th Augmented Human International Conference},
  year =      {2014}
}

@InProceedings{PfeifferSchneegassAltEtAl2014a,
  author =    {Max Pfeiffer and Stefan Schneegass and Florian Alt and Michael Rohs},
  title =     {A Design Space for Electrical Muscle Stimulation Feedback for Free-Hand Interaction},
  booktitle = {Workshop on Assistive Augmentation - CHI},
  year =      {2014}
}

@InProceedings{PielotChurchOliveira2014,
  author =    {Matrin Pielot and Karen Church and Rodrigo de Oliveira},
  title =     {An in-situ study of mobile phone notifications},
  booktitle = {MobileHCI '14 Proceedings of the 16th international conference on Human-computer interaction with mobile devices \& services},
  year =      {2014},
  pages =     {233-242},
  publisher = {ACM},
  journal =   {MobileHCI '14 Proceedings of the 16th international conference on Human-computer interaction with mobile devices \& services}
}

@InProceedings{RanasingheCheokNakatsuEtAl2013,
  author =    {Nimesha Ranasinghe and Adrian Cheok and Ryohei Nakatsu and Ellen Yi-Luen Do},
  title =     {Simulating the Sensation of Taste for Immersive Experiences},
  booktitle = {ImmersiveMe '13 Proceedings of the 2013 ACM international workshop on Immersive media experiences},
  year =      {2013},
  pages =     {29-34}
}

@InProceedings{ShiraziHenze2015,
  author =    {Alreza Sahami Shirazi and Niels Henze},
  title =     {Assessment of Notifications on Smartwatches},
  booktitle = {MobileHCI '15 Proceedings of the 17th International Conference on Human-Computer Interaction with Mobile Devices and Services Adjunct},
  year =      {2015},
  pages =     {1111-1116},
  publisher = {ACM}
}

@InProceedings{ShiraziHenzePielotEtAl2014,
  author =    {Alreza Sahami Shirazi and Niels Henze and Martin Pielot and Tilman Dingler and Martin Pielot and Dominik Weber and Albrecht Schmidt},
  title =     {Large-scale assessment of mobile notifications},
  booktitle = {CHI '14 Proceedings of the SIGCHI Conference on Human Factors in Computing Systems},
  year =      {2014},
  pages =     {3055-3064},
  publisher = {ACM}
}

@InProceedings{TamakiMiyakiRekimoto2011,
  author =    {Emi Tamaki and Takashi Miyaki and Jun Rekimoto},
  title =     {PossessedHand: techniques for controlling human hands using electrical muscles stimuli},
  booktitle = {CHI '11 Proceedings of the SIGCHI Conference on Human Factors in Computing Systems},
  year =      {2011}
}

@Manual{WatchOsNotfiEssentals,
  title =  {Apple Watch Notification Essentials},
  author = {apple.com},
  year =   {2016},
  note =   {https://developer.apple.com/library/ios/documentation/General/Conceptual/WatchKitProgrammingGuide/BasicSupport.html}
}

@Manual{WatchOsNotiBasic,
  title =  {Notifications on Your Apple Watch},
  author = {apple.com},
  year =   {2016},
  note =   {https://support.apple.com/en-us/HT204791}
}

@Manual{WatchOsNotiCustom,
  title =  {Apple Watch Notification Customization},
  author = {imore.com},
  year =   {2016},
  note =   {http://www.imore.com/how-customize-notifications-your-apple-watch}
}

@Article{Wickens2008,
  author =  {Christopher D. Wickens},
  title =   {Multiple Resources and Mental Workload},
  journal = {Human Factors: The Journal of the Human Factors and Ergonomics Society},
  year =    {2008},
  volume =  {50},
  number =  {3},
  pages =   {449-455}
}

@article{Iqbal2010oasis,
 author = {Iqbal, Shamsi T. and Bailey, Brian P.},
 title = {Oasis: A Framework for Linking Notification Delivery to the Perceptual Structure of Goal-directed Tasks},
 journal = {ACM Trans. Comput.-Hum. Interact.},
 issue_date = {December 2010},
 volume = {17},
 number = {4},
 month = dec,
 year = {2010},
 pages = {15:1--15:28},
 articleno = {15},
 numpages = {28}
} 

@inproceedings{Muller2012ambienttimer,
 author = {M\"{u}ller, Heiko and Pielot, Martin and Heuten, Wilko and Kazakova, Anastasia and Boll, Susanne},
 title = {Unobtrusively Reminding Users of Upcoming Tasks with Ambient Light: Ambient Timer},
 booktitle = {Proceedings of the 7th Nordic Conference on Human-Computer Interaction: Making Sense Through Design},
 series = {NordiCHI '12},
 year = {2012},
 pages = {801--802},
 numpages = {2}
}

@inproceedings{Pielot2013vibrotactile_diplays,
 author = {Pielot, Martin and Oliveira, Rodrigo de},
 title = {Peripheral Vibro-tactile Displays},
 booktitle = {Proceedings of the 15th International Conference on Human-computer Interaction with Mobile Devices and Services},
 series = {MobileHCI '13},
 year = {2013},
 isbn = {978-1-4503-2273-7},
 location = {Munich, Germany},
 pages = {1--10},
 numpages = {10},
 url = {http://doi.acm.org/10.1145/2493190.2493197},
 doi = {10.1145/2493190.2493197},
 acmid = {2493197},
 publisher = {ACM},
 address = {New York, NY, USA},
 keywords = {ambient displays, haptics, peripheral displays, tactile uis, ubiquitous computing / smart environments},
}
